<?xml version="1.0" encoding="UTF-8"?><record xmlns="http://www.loc.gov/MARC21/slim" xmlns:cinclude="http://apache.org/cocoon/include/1.0" xmlns:zs="http://www.loc.gov/zing/srw/">
  <leader>00330nz  a2200121n  4500</leader>
  <controlfield tag="001">n  95118252 </controlfield>
  <controlfield tag="003">DLC</controlfield>
  <controlfield tag="005">19951211081622.1</controlfield>
  <controlfield tag="008">951211n| acannaab|          |n ana |||  </controlfield>
  <datafield tag="010" ind1=" " ind2=" ">
    <subfield code="a">n  95118252 </subfield>
  </datafield>
  <datafield tag="040" ind1=" " ind2=" ">
    <subfield code="a">DLC</subfield>
    <subfield code="c">DLC</subfield>
  </datafield>
  <datafield tag="110" ind1="2" ind2="0">
    <subfield code="a">Ford Motor Company of Egypt</subfield>
  </datafield>
  <datafield tag="670" ind1=" " ind2=" ">
    <subfield code="a">In the grip of politics, 1989:</subfield>
    <subfield code="b">t.p. (Ford Motor Company of Egypt)</subfield>
  </datafield>
</record>